@book{citationkey,
    author = {dummy author},
    title = {dummy title},
    publisher = {dummy publisher},
    year = {1999}
}

@online{citationkey,
    author = {dummy author},
    title = {dummy title},
    year = {1999},
    url = {www.google.com}
}

@article{citationkey,
    author = {dummy author},
    title = {dummy title},
    journaltitle = {dummy journal},
    year = {1999}
}

@online{Harris,
    author = {Mark Harris},
    title = {Optimizing parallel reduction in CUDA},
    url = {https://developer.download.nvidia.com/assets/cuda/files/reduction.pdf}
}

@online{Intel4004,
    author = {Intel},
    title = {Intel's First Microprocessor},
    url = {https://www.intel.de/content/www/de/de/history/museum-story-of-intel-4004.html}
}

@online{Rupp,
    author = {Karl Rupp},
    title = {40 Years of Microprocessor Trend Data},
    year = {2018},
    url = {https://www.karlrupp.net/2015/06/40-years-of-microprocessor-trend-data/}
}

@online{programming_guide,
    author = {Nvidia},
    title = {CUDA C++ Programming Guide},
    year = {2023},
    url = {https://docs.nvidia.com/cuda/cuda-c-programming-guide/}
}
